@article{ref11,
	title = {Computer vision:algorithms and applications},
	author = {Szeliski},
	journal = {Springer Science and Business Media},
	year = {2010},
}

@article{ref22,
	title = {Deep compression: Compressing deep neural networks with pruning, trained quantization and huffman coding},
	author = {S. Han},
	journal = {arXiv preprint arXiv:1510.00149},
	year = {2016},
}
@article{ref33,
	title = {The lottery ticket hypothesis: Finding sparse, trainable neural networks},
	author = {J. Frankle, M. Carbin  },
	journal = {arXiv preprint arXiv:1803.03635},
	year = {2019},
}
@article{ref44,
	title = {Pruning convolutional neural networks for resource efficient inference},
	author = {P. Molchanov, P. Tyree, S. Karras, T. Aila, J. Kautz },
	journal = {arXiv preprint arXiv:1611.06440},
	year = {2019},
}
@article{ref55,
	title = {Efficient processing of deep neural networks: A tutorial and survey},
	author = {V. Sze,Y. Chen, H. Yang, J. Emer},
	journal = {Proceedings of the IEEE, 105(12), 2295-2329},
	year = {2017},
}
